<record><leader>00000cas a22000007a 4500</leader><controlfield tag="001">13049106</controlfield><controlfield tag="008">860122d18511859pauwr ne      0    0eng d</controlfield><datafield ind1=" " ind2=" " tag="010"><subfield code="a">sn 86081022 </subfield></datafield><datafield ind1=" " ind2=" " tag="040"><subfield code="a">NPH</subfield><subfield code="b">eng</subfield><subfield code="c">NPH</subfield><subfield code="d">OCLCQ</subfield><subfield code="d">DLC</subfield></datafield><datafield ind1=" " ind2=" " tag="042"><subfield code="a">msc</subfield></datafield><datafield ind1="0" ind2="4" tag="245"><subfield code="a">The Union County star.</subfield></datafield><datafield ind1=" " ind2=" " tag="260"><subfield code="a">Miffinburg, Pa. :</subfield><subfield code="b">Samuel H. Orwig</subfield></datafield><datafield ind1=" " ind2=" " tag="300"><subfield code="a">v. ;</subfield><subfield code="c">61 cm.</subfield></datafield><datafield ind1=" " ind2=" " tag="310"><subfield code="a">Weekly</subfield></datafield><datafield ind1="1" ind2=" " tag="362"><subfield code="a">Began with Apr. 3, 1851 issue; ceased in 1859.</subfield><subfield code="z">Cf. Union County's heritage, 1968.</subfield></datafield><datafield ind1=" " ind2=" " tag="500"><subfield code="a">Published every Thursday.</subfield></datafield><datafield ind1=" " ind2=" " tag="580"><subfield code="a">Merged with: Lewisburg chronicle (Lewisburg, Pa. : 1850), to form: Union County star and Lewisburg chronicle. Cf. Union County's heritage.</subfield></datafield><datafield ind1=" " ind2=" " tag="588"><subfield code="a">Description based on: Vol. 17, no. 13 (July 17, 1856).</subfield></datafield><datafield ind1=" " ind2=" " tag="752"><subfield code="a">United States</subfield><subfield code="b">Pennsylvania</subfield><subfield code="c">Union</subfield><subfield code="d">Mifflinburg.</subfield></datafield><datafield ind1="0" ind2="0" tag="780"><subfield code="t">Union star (New Berlin, Pa.)</subfield><subfield code="w">(DLC)sn 85055262</subfield></datafield><datafield ind1="1" ind2="7" tag="785"><subfield code="t">Lewisburg chronicle (Lewisburg, Pa. : 1850)</subfield><subfield code="x">2333-1666</subfield><subfield code="w">(DLC)sn 85055197</subfield><subfield code="w">(OCoLC)12920406</subfield></datafield><datafield ind1="1" ind2="7" tag="785"><subfield code="t">Union County star and Lewisburg chronicle</subfield><subfield code="x">2333-1615</subfield><subfield code="w">(DLC)sn 85038443</subfield><subfield code="w">(OCoLC)12402141</subfield></datafield><datafield ind1="1" ind2=" " tag="029"><subfield code="a">AU@</subfield><subfield code="b">000025812019</subfield></datafield></record>